%! Author = Axel
%! Date = 26/09/2024

